<?xml version="1.0" encoding="UTF-8"?><record xmlns="http://www.loc.gov/MARC21/slim" xmlns:cinclude="http://apache.org/cocoon/include/1.0" xmlns:zs="http://www.loc.gov/zing/srw/">
  <leader>00523nz  a2200133n  4500</leader>
  <controlfield tag="001">n  84045247 </controlfield>
  <controlfield tag="003">DLC</controlfield>
  <controlfield tag="005">19840822000000.0</controlfield>
  <controlfield tag="008">840628n| acannaab|          |n aaa |||  </controlfield>
  <datafield tag="010" ind1=" " ind2=" ">
    <subfield code="a">n  84045247 </subfield>
  </datafield>
  <datafield tag="040" ind1=" " ind2=" ">
    <subfield code="a">DLC</subfield>
    <subfield code="c">DLC</subfield>
  </datafield>
  <datafield tag="100" ind1="1" ind2="0">
    <subfield code="a">Howard, John A.</subfield>
    <subfield code="q">(John Anderson)</subfield>
  </datafield>
  <datafield tag="670" ind1=" " ind2=" ">
    <subfield code="a">Eulenspiegel (Satire). Wunderparlich u. seltsame Historien Til Eulen Spiegels, 1983:</subfield>
    <subfield code="b">t.p. (John A. Howard)</subfield>
  </datafield>
  <datafield tag="670" ind1=" " ind2=" ">
    <subfield code="a">Dict. of Amer. scholars, 1982:</subfield>
    <subfield code="b">v. 3, p. 241 (Howard, John Anderson; prof. of German lang. and literature, Yiddish lang. and lit.)</subfield>
  </datafield>
</record>